@article{alhamami2022language,
  title={Language Learners’ Attitudes Toward Online and Face-To-Face Language Environments},
  author={Alhamami, Munassir},
  journal={Frontiers in Psychology},
  volume={13},
  year={2022},
  publisher={Frontiers Media SA}
}

@article{arrosagaray2019comparative,
  title={A comparative study of Spanish adult students’ attitudes to ICT in classroom, blended and distance language learning modes},
  author={Arrosagaray, Marcelino and Gonz{\'a}lez-Peiteado, Margarita and Pino-Juste, Margarita and Rodr{\'\i}guez-L{\'o}pez, Beatriz},
  journal={Computers \& Education},
  volume={134},
  pages={31--40},
  year={2019},
  publisher={Elsevier}
}

@article{costado2021face,
  title={Face-to-face vs. e-learning models in the COVID-19 era: Survey research in a spanish university},
  author={Costado Dios, Mar{\'\i}a Teresa and Pi{\~n}ero Charlo, Jos{\'e} Carlos},
  journal={Education Sciences},
  volume={11},
  number={6},
  pages={293},
  year={2021},
  publisher={MDPI}
}

@article{lee2022factors,
  title={Factors affecting the quality of online learning in a task-based college course},
  author={Lee, Sangmin-Michelle},
  journal={Foreign Language Annals},
  volume={55},
  number={1},
  pages={116--134},
  year={2022},
  publisher={Wiley Online Library}
}

@article{gulten2016comparative,
  title={A comparative study on the motivation and attitudes of language learners of online distance and traditional in-classroom education},
  author={Gulten, GENC and Kulusakli, Emine and Aydin, Savas},
  journal={Turkish Online Journal of Distance Education},
  volume={17},
  number={4},
  year={2016}
}

@article{herguner2020effect,
  title={The Effect of Online Learning Attitudes of University Students on Their Online Learning Readiness.},
  author={Herguner, G{\"u}lten and Son, Saltuk Bugra and Herguner Son, Sinem and Donmez, Ahmet},
  journal={Turkish Online Journal of Educational Technology-TOJET},
  volume={19},
  number={4},
  pages={102--110},
  year={2020},
  publisher={ERIC}
}

@article{ji2022investigating,
  title={Investigating the link between engagement, readiness, and satisfaction in a synchronous online second language learning environment},
  author={Ji, Hyangeun and Park, Soyeon and Shin, Hye Won},
  journal={System},
  volume={105},
  pages={102720},
  year={2022},
  publisher={Elsevier}
}

@article{pusey2022thai,
  title={Thai University Students’ Attitudes Toward Online Language Learning in a Time of Crisis},
  author={Pusey, Kerry and Nanni, Alexander},
  journal={SAGE Open},
  volume={12},
  number={2},
  pages={21582440221091712},
  year={2022},
  publisher={SAGE Publications Sage CA: Los Angeles, CA}
}

@article{rahimi2011foreign,
  title={Foreign language learning attitude as a predictor of attitudes towards computer-assisted language learning},
  author={Rahimi, Mehrak and Yadollahi, Samaneh},
  journal={Procedia Computer Science},
  volume={3},
  pages={167--174},
  year={2011},
  publisher={Elsevier}
}

@article{ruiz2022transitioning,
  title={Transitioning to emergency online teaching: The experience of Spanish language learners in a US university},
  author={Ruiz-Alonso-Bartol, Ana and Querrien, Diane and Dykstra, Shelley and Fern{\'a}ndez-Mira, Paloma and S{\'a}nchez-Guti{\'e}rrez, Claudia},
  journal={System},
  volume={104},
  pages={102684},
  year={2022},
  publisher={Elsevier}
}

@book{corbin2014basics,
  title={Basics of qualitative research: Techniques and procedures for developing grounded theory},
  author={Corbin, Juliet and Strauss, Anselm},
  year={2014},
  publisher={Sage publications}
}

@incollection{thompson2021attitudes,
  title={Attitudes and Beliefs},
  author={Thompson, Amy S},
  booktitle={The Routledge Handbook of the Psychology of Language Learning and Teaching},
  pages={149--160},
  year={2021},
  publisher={Routledge}
}


