}
@incollection{thompson2021attitudes,
  title={Attitudes and Beliefs},
  author={Thompson, Amy S},
  booktitle={The Routledge Handbook of the Psychology of Language Learning and Teaching},
  pages={149--160},
  year={2021},
  publisher={Routledge}
}


@article{alqurashi2016self,
  title={Self-efficacy in online learning environments: A literature review},
  author={Alqurashi, Emtinan and others},
  journal={Contemporary Issues in Education Research (CIER)},
  volume={9},
  number={1},
  pages={45--52},
  year={2016}
}

@article{horvat2015student,
  title={Student perception of Moodle learning management system: a satisfaction and significance analysis},
  author={Horvat, Ana and Dobrota, Marina and Krsmanovic, Maja and Cudanov, Mladen},
  journal={Interactive Learning Environments},
  volume={23},
  number={4},
  pages={515--527},
  year={2015},
  publisher={Taylor \& Francis}
}

@article{ke2013constructs,
  title={Constructs of student-centered online learning on learning satisfaction of a diverse online student body: A structural equation modeling approach},
  author={Ke, Fengfeng and Kwak, Dean},
  journal={Journal of Educational Computing Research},
  volume={48},
  number={1},
  pages={97--122},
  year={2013},
  publisher={SAGE Publications Sage CA: Los Angeles, CA}
}

@article{lan2010using,
  title={Using RSS to support mobile learning based on media richness theory},
  author={Lan, Yu-Feng and Sie, Yang-Siang},
  journal={computers \& education},
  volume={55},
  number={2},
  pages={723--732},
  year={2010},
  publisher={Elsevier}
}

@article{teimouri2019second,
  title={Second language anxiety and achievement: A meta-analysis},
  author={Teimouri, Yasser and Goetze, Julia and Plonsky, Luke},
  journal={Studies in Second Language Acquisition},
  volume={41},
  number={2},
  pages={363--387},
  year={2019},
  publisher={Cambridge University Press}
}

@Manual{R-base,
  title = {R: A Language and Environment for Statistical Computing},
  author = {{R Core Team}},
  organization = {R Foundation for Statistical Computing},
  address = {Vienna, Austria},
  year = {2021},
  url = {https://www.R-project.org/},
}
@Manual{R-papaja,
  title = {{papaja}: {Prepare} reproducible {APA} journal articles with {R Markdown}},
  author = {Frederik Aust and Marius Barth},
  year = {2022},
  note = {R package version 0.1.1},
  url = {https://github.com/crsh/papaja},
}
@Manual{R-tinylabels,
  title = {{tinylabels}: Lightweight Variable Labels},
  author = {Marius Barth},
  year = {2022},
  note = {R package version 0.2.3},
  url = {https://cran.r-project.org/package=tinylabels},
}

@article{webb2014flipping,
  title={Flipping a Chinese university EFL course: What students and teachers think of the model},
  author={Webb, Marie and Doman, Evelyn and Pusey, Kerry},
  journal={The Journal of Asia TEFL},
  volume={11},
  number={4},
  pages={53--87},
  year={2014}
}

@article{ushida2005role,
  title={The role of students' attitudes and motivation in second language learning in online language courses},
  author={Ushida, Eiko},
  journal={CALICO journal},
  pages={49--78},
  year={2005},
  publisher={JSTOR}
}

@article{saito2018motivation,
  title={Motivation, emotion, learning experience, and second language comprehensibility development in classroom settings: A cross-sectional and longitudinal study},
  author={Saito, Kazuya and Dewaele, Jean-Marc and Abe, Mariko and In'nami, Yo},
  journal={Language Learning},
  volume={68},
  number={3},
  pages={709--743},
  year={2018},
  publisher={Wiley Online Library}
}

@article{heckel2019pride,
  title={Pride and anxiety in online learning environments: Achievement emotions as mediators between learners' characteristics and learning outcomes},
  author={Heckel, Christian and Ringeisen, Tobias},
  journal={Journal of Computer Assisted Learning},
  volume={35},
  number={5},
  pages={667--677},
  year={2019},
  publisher={Wiley Online Library}
}

@article{tomasik2021educational,
  title={Educational gains of in-person vs. distance learning in primary and secondary schools: A natural experiment during the COVID-19 pandemic school closures in Switzerland},
  author={Tomasik, Martin J and Helbling, Laura A and Moser, Urs},
  journal={International Journal of Psychology},
  volume={56},
  number={4},
  pages={566--576},
  year={2021},
  publisher={Wiley Online Library}
}

@article{hodges2020difference,
  title={The difference between emergency remote teaching and online learning},
  author={Hodges, Charles B and Moore, Stephanie and Lockee, Barbara B and Trust, Torrey and Bond, Mark Aaron},
  year={2020},
  publisher={Educause}
}

@article{lee2022factors,
  title={Factors affecting the quality of online learning in a task-based college course},
  author={Lee, Sangmin-Michelle},
  journal={Foreign Language Annals},
  volume={55},
  number={1},
  pages={116--134},
  year={2022},
  publisher={Wiley Online Library}
}

@article{ruiz2022transitioning,
  title={Transitioning to emergency online teaching: The experience of Spanish language learners in a US university},
  author={Ruiz-Alonso-Bartol, Ana and Querrien, Diane and Dykstra, Shelley and Fern{\'a}ndez-Mira, Paloma and S{\'a}nchez-Guti{\'e}rrez, Claudia},
  journal={System},
  volume={104},
  pages={102684},
  year={2022},
  publisher={Elsevier}
}

@article{chakraborty2021opinion,
  title={Opinion of students on online education during the COVID-19 pandemic},
  author={Chakraborty, Pinaki and Mittal, Prabhat and Gupta, Manu Sheel and Yadav, Savita and Arora, Anshika},
  journal={Human Behavior and Emerging Technologies},
  volume={3},
  number={3},
  pages={357--365},
  year={2021},
  publisher={Wiley Online Library}
}

@article{hernandez2014investigacion,
  title={La investigacion cualitativa a trav{e}s de entrevistas: su analisis mediante la teoria fundamentada},
  author={Hernandez Carrera, Rafael Manuel},
  journal={Cuestiones Pedagogicas, 23, 187-210},
  year={2014},
  publisher={Universidad de Sevilla}
}

@book{corbin2014basics,
  title={Basics of qualitative research: Techniques and procedures for developing grounded theory},
  author={Corbin, Juliet and Strauss, Anselm},
  year={2014},
  publisher={Sage publications}
}


